/Users/henry/hgebhardt-postdoc/doc/references.bib